@unpublished{jeltsch:wflp-2019-source,
    author       = {Jeltsch, Wolfgang},
    title        = {A Process Calculus for Formally Verifying Blockchain Consensus Protocols},
    year         = 2019,
    note         = {source code of the paper},
    url          = {https://github.com/jeltsch/wflp-2019}
}
